@book{kung,
    title = {Object-Oriented Software Engineering},
    author = {David C. Kung},
    isbn = {978259080791},
    series = {The Univrsity of Texas at Arlington},
    year = {2014},
    publisher = {McGraw-Hill Companies},
    keywords = {programming}
}